<collection xmlns="http://www.loc.gov/MARC21/slim">
<record>
  <leader>01325nam0a22002891i 450 </leader>
  <controlfield tag="001">IT\ICCU\CNCE\078162</controlfield>
  <controlfield tag="005">20130731000000.0</controlfield>
  <datafield tag="012" ind1=" " ind2=" ">
    <subfield code="a">e.i. inn- s.i- ciqu (3) 1588 (A)</subfield>
    <subfield code="2">fei</subfield>
  </datafield>
  <datafield tag="100" ind1=" " ind2=" ">
    <subfield code="a">20130731d1588        0itac0103    ba</subfield>
  </datafield>
  <datafield tag="101" ind1=" " ind2=" ">
    <subfield code="a">LAT</subfield>
  </datafield>
  <datafield tag="102" ind1=" " ind2=" ">
    <subfield code="a">IT</subfield>
  </datafield>
  <datafield tag="200" ind1="1" ind2=" ">
    <subfield code="a">Tabula capituli generalis Romani Ordinis fratrum minorum S. Francisci de Obseruantia. MDLXXXVII</subfield>
  </datafield>
  <datafield tag="210" ind1=" " ind2=" ">
    <subfield code="a">Romae</subfield>
    <subfield code="c">apud haeredes Antonij Bladij</subfield>
    <subfield code="d">impressores camerales et Mediolani</subfield>
    <subfield code="c">apud Pacificum Pontium</subfield>
    <subfield code="d">1588</subfield>
  </datafield>
  <datafield tag="215" ind1=" " ind2=" ">
    <subfield code="a">20 p.</subfield>
    <subfield code="d">4ʻ</subfield>
  </datafield>
  <datafield tag="620" ind1=" " ind2=" ">
    <subfield code="a">IT</subfield>
    <subfield code="d">Milano</subfield>
  </datafield>
  <datafield tag="710" ind1="0" ind2="2">
    <subfield code="a">Francescani</subfield>
    <subfield code="3">IT\ICCU\CNCT\005533</subfield>
  </datafield>
  <datafield tag="712" ind1="0" ind2="0">
    <subfield code="a">Da_Ponte, Pacifico</subfield>
    <subfield code="3">IT\ICCU\CNCT\000162</subfield>
    <subfield code="4">650</subfield>
  </datafield>
  <datafield tag="791" ind1="0" ind2="2">
    <subfield code="a">Ordo fratrum minorum</subfield>
    <subfield code="3">IT\ICCU\CNCT\005181</subfield>
    <subfield code="z">Francescani</subfield>
  </datafield>
  <datafield tag="791" ind1="0" ind2="2">
    <subfield code="a">Ordo fratrum minorum de observantia</subfield>
    <subfield code="3">15534</subfield>
    <subfield code="z">Francescani</subfield>
  </datafield>
  <datafield tag="791" ind1="0" ind2="2">
    <subfield code="a">Ordo Minorum sancti Francisci de observantia</subfield>
    <subfield code="3">15535</subfield>
    <subfield code="z">Francescani</subfield>
  </datafield>
  <datafield tag="791" ind1="0" ind2="0">
    <subfield code="a">Pontius, Pacificus</subfield>
    <subfield code="3">IT\ICCU\CNCT\003713</subfield>
    <subfield code="z">Da_Ponte, Pacifico</subfield>
  </datafield>
  <datafield tag="791" ind1="0" ind2="0">
    <subfield code="a">Ponte, Pacifico da</subfield>
    <subfield code="3">IT\ICCU\CNCT\003714</subfield>
    <subfield code="z">Da_Ponte, Pacifico</subfield>
  </datafield>
  <datafield tag="791" ind1="0" ind2="0">
    <subfield code="a">Pontio, Pacifico</subfield>
    <subfield code="3">IT\ICCU\CNCT\004493</subfield>
    <subfield code="z">Da_Ponte, Pacifico</subfield>
  </datafield>
  <datafield tag="791" ind1="0" ind2="0">
    <subfield code="a">Ponticus, Pacificus</subfield>
    <subfield code="3">IT\ICCU\CNCT\004494</subfield>
    <subfield code="z">Da_Ponte, Pacifico</subfield>
  </datafield>
  <datafield tag="791" ind1="0" ind2="0">
    <subfield code="a">Ponzio, Pacifico</subfield>
    <subfield code="3">IT\ICCU\CNCT\004496</subfield>
    <subfield code="z">Da_Ponte, Pacifico</subfield>
  </datafield>
  <datafield tag="801" ind1=" " ind2="3">
    <subfield code="a">IT</subfield>
    <subfield code="b">ICCU</subfield>
    <subfield code="c">20201115</subfield>
  </datafield>
  <datafield tag="899" ind1=" " ind2=" ">
    <subfield code="a">Biblioteca Porziuncola. Assisi</subfield>
    <subfield code="1">PG0179</subfield>
    <subfield code="2">UM1 36</subfield>
  </datafield>
</record>
</collection>
